@article{Turney2001,
author = {Turney, Peter D},
file = {:Users/culim/Dropbox/papers/Turney - 2001 - Thumbs Up or Thumbs Down Semantic Orientation Applied to Unsupervised Classification of Reviews.pdf:pdf},
title = {{Thumbs Up or Thumbs Down ? Semantic Orientation Applied to Unsupervised Classification of Reviews}},
year = {2001}
}
